@Book{Saltz,
author = {Ina SALTZ},
title = {Základy typografie: 100 principù pro práci s písmem},
publisher = {Slovart},
year = {2010},
note = "208\,s.",
address = "Praha",
isbn = {978-80-7391-404-2}
}

@Book{Graham,
author = {Lisa GRAHAM},
title = {Basic of design: layout and typography for beginners},
publisher = {Delmar},
year = {2002},
note = "280\,s.",
address = "New York",
isbn = {0-7668-1362-2}
}

@Article{wikipediaHubble,
journal = {Hubbleùv vesmírný dalekohled},
url = {http://cs.wikipedia.org/wiki/Hubble\%C5\%AFv\_vesm\%C3\%ADrn\%C3\%BD\_dalekohled},
note = {[online]. 2015 [cit. 2015-04-02]}
}

@Article{Kerslager,
author = {Milan KER©LÁGER},
journal = {Typografická pravidla},
url = {http://www.pslib.cz/ke/Typografick%C3%A1_pravidla},
note = {[online]. 2013 [cit. 2014-04-22]},
}

@Article{Bures,
author = {Jiøí BURE©},
journal = {Typografické jednotky},
url = {http://www.converter.cz/prevody/typografie.htm},
note = {[online]. 2002 [cit. 2014-04-22]},
}

@Proceedings{Typografia,
title = {Typografia},
year = {1888--},
address = {Praha},
publisher = {Digirama s.r.o.},
issn = {0322-9068}
}

@Article{Typografiac1,
author = {Jitka BÖHMOVÁ},
title = {®eny v tiskárnách a médiích -- Radana Lencová, autorka ¹kolního psacího písma Comenia Script},
journal = {Typografia},
year = {2013},
volume = {116},
number = {1249},
pages = {14--15},
issn = {0322-9068}
}

@Article{Typografiac2,
author = {Jitka BÖHMOVÁ},
title = {Výsledky soutì¾e Kalendáø roku 2013},
journal = {Typografia},
year = {2013},
volume = {116},
number = {1246},
pages = {16--18},
issn = {0322-9068}
}

@MastersThesis{Greplova,
author = {Kristýna GREPLOVÁ},
title = {Experimentální typografie -- zkoumání anatomie písma},
school = {Brno: Vysoké uèení technické. Fakulta výtvarných umìní},
year = {2009}
}

@MastersThesis{Fabry,
author = {Tomá¹ FÁBRY},
title = {Sazba sekvenèních diagramù v prostøedí LaTeX},
school = {Brno: Masarykova univerzita. Fakulta informatiky},
year = {2011}
}
